@book{bib01,
  title={历代书法论文选},
  author={上海书画出版社},
  publisher={上海书画出版社},
  year={1979},
}

@article{bib02,
  title={科学技术报告、学位论文和学术论文的编写格式},
  author={YoviSun.COM, yovisunqq.com},
  journal={郑州航空工业管理学院学报},
  number={2},
  pages={55-56},
  year={1991},
}